%YAML 1.1
%TAG !u! tag:unity3d.com,2011:
--- !u!29 &1
SceneSettings:
  m_ObjectHideFlags: 0
  m_PVSData: 
  m_PVSObjectsArray: []
  m_PVSPortalsArray: []
  m_OcclusionBakeSettings:
    smallestOccluder: 5
    smallestHole: 0.25
    backfaceThreshold: 100
--- !u!104 &2
RenderSettings:
  m_ObjectHideFlags: 0
  serializedVersion: 6
  m_Fog: 0
  m_FogColor: {r: 0.5, g: 0.5, b: 0.5, a: 1}
  m_FogMode: 3
  m_FogDensity: 0.01
  m_LinearFogStart: 0
  m_LinearFogEnd: 300
  m_AmbientSkyColor: {r: 0.212, g: 0.227, b: 0.259, a: 1}
  m_AmbientEquatorColor: {r: 0.114, g: 0.125, b: 0.133, a: 1}
  m_AmbientGroundColor: {r: 0.047, g: 0.043, b: 0.035, a: 1}
  m_AmbientIntensity: 1
  m_AmbientMode: 0
  m_SkyboxMaterial: {fileID: 10304, guid: 0000000000000000f000000000000000, type: 0}
  m_HaloStrength: 0.5
  m_FlareStrength: 1
  m_FlareFadeSpeed: 3
  m_HaloTexture: {fileID: 0}
  m_SpotCookie: {fileID: 10001, guid: 0000000000000000e000000000000000, type: 0}
  m_DefaultReflectionMode: 0
  m_DefaultReflectionResolution: 128
  m_ReflectionBounces: 1
  m_ReflectionIntensity: 1
  m_CustomReflection: {fileID: 0}
  m_Sun: {fileID: 0}
--- !u!157 &3
LightmapSettings:
  m_ObjectHideFlags: 0
  serializedVersion: 6
  m_GIWorkflowMode: 0
  m_LightmapsMode: 1
  m_GISettings:
    serializedVersion: 2
    m_BounceScale: 1
    m_IndirectOutputScale: 1
    m_AlbedoBoost: 1
    m_TemporalCoherenceThreshold: 1
    m_EnvironmentLightingMode: 0
    m_EnableBakedLightmaps: 1
    m_EnableRealtimeLightmaps: 1
  m_LightmapEditorSettings:
    serializedVersion: 3
    m_Resolution: 2
    m_BakeResolution: 40
    m_TextureWidth: 1024
    m_TextureHeight: 1024
    m_AOMaxDistance: 1
    m_Padding: 2
    m_CompAOExponent: 0
    m_LightmapParameters: {fileID: 0}
    m_TextureCompression: 1
    m_FinalGather: 0
    m_FinalGatherRayCount: 1024
    m_ReflectionCompression: 2
  m_LightingDataAsset: {fileID: 0}
  m_RuntimeCPUUsage: 25
--- !u!196 &4
NavMeshSettings:
  serializedVersion: 2
  m_ObjectHideFlags: 0
  m_BuildSettings:
    serializedVersion: 2
    agentRadius: 0.5
    agentHeight: 2
    agentSlope: 45
    agentClimb: 0.4
    ledgeDropHeight: 0
    maxJumpAcrossDistance: 0
    accuratePlacement: 0
    minRegionArea: 2
    cellSize: 0.16666667
    manualCellSize: 0
  m_NavMeshData: {fileID: 0}
--- !u!1 &22604879
GameObject:
  m_ObjectHideFlags: 0
  m_PrefabParentObject: {fileID: 0}
  m_PrefabInternal: {fileID: 0}
  serializedVersion: 4
  m_Component:
  - 4: {fileID: 22604883}
  - 114: {fileID: 22604882}
  - 114: {fileID: 22604881}
  - 114: {fileID: 22604884}
  m_Layer: 0
  m_Name: User
  m_TagString: Untagged
  m_Icon: {fileID: 0}
  m_NavMeshLayer: 0
  m_StaticEditorFlags: 0
  m_IsActive: 1
--- !u!114 &22604881
MonoBehaviour:
  m_ObjectHideFlags: 0
  m_PrefabParentObject: {fileID: 0}
  m_PrefabInternal: {fileID: 0}
  m_GameObject: {fileID: 22604879}
  m_Enabled: 1
  m_EditorHideFlags: 0
  m_Script: {fileID: 11500000, guid: e402834af8a3b4ddda09f3bc3603100a, type: 3}
  m_Name: 
  m_EditorClassIdentifier: 
--- !u!114 &22604882
MonoBehaviour:
  m_ObjectHideFlags: 0
  m_PrefabParentObject: {fileID: 0}
  m_PrefabInternal: {fileID: 0}
  m_GameObject: {fileID: 22604879}
  m_Enabled: 1
  m_EditorHideFlags: 0
  m_Script: {fileID: 11500000, guid: a40b544b8c3553c40852ae7ad35a9343, type: 3}
  m_Name: 
  m_EditorClassIdentifier: 
  vrModeEnabled: 1
  distortionCorrection: 2
  enableAlignmentMarker: 1
  enableSettingsButton: 1
  backButtonMode: 1
  tapIsTrigger: 1
  neckModelScale: 0
  autoDriftCorrection: 1
  electronicDisplayStabilization: 0
  syncWithCardboardApp: 0
  autoUntiltHead: 1
  UseUnityRemoteInput: 0
  screenSize: 0
  deviceType: 0
  stereoScreenScale: 1
--- !u!4 &22604883
Transform:
  m_ObjectHideFlags: 0
  m_PrefabParentObject: {fileID: 0}
  m_PrefabInternal: {fileID: 0}
  m_GameObject: {fileID: 22604879}
  m_LocalRotation: {x: 0, y: 0, z: 0, w: 1}
  m_LocalPosition: {x: 0, y: 0, z: 0}
  m_LocalScale: {x: 1, y: 1, z: 1}
  m_Children:
  - {fileID: 462610858}
  - {fileID: 572097223}
  m_Father: {fileID: 0}
  m_RootOrder: 1
--- !u!114 &22604884
MonoBehaviour:
  m_ObjectHideFlags: 0
  m_PrefabParentObject: {fileID: 0}
  m_PrefabInternal: {fileID: 0}
  m_GameObject: {fileID: 22604879}
  m_Enabled: 1
  m_EditorHideFlags: 0
  m_Script: {fileID: 11500000, guid: 6b23ad59214e34e4fb8e3945e034be6f, type: 3}
  m_Name: 
  m_EditorClassIdentifier: 
  config:
    CubeColor: {r: 1, g: 1, b: 1, a: 1}
    productId: 
    appSecret: 
    appId: 
    googlePlayPublicKey: 
--- !u!1001 &299562417
Prefab:
  m_ObjectHideFlags: 0
  serializedVersion: 2
  m_Modification:
    m_TransformParent: {fileID: 462610858}
    m_Modifications:
    - target: {fileID: 400004, guid: 691bf3e71b387435bb6304e28d671b2f, type: 2}
      propertyPath: m_LocalPosition.x
      value: 0
      objectReference: {fileID: 0}
    - target: {fileID: 400004, guid: 691bf3e71b387435bb6304e28d671b2f, type: 2}
      propertyPath: m_LocalPosition.y
      value: 0
      objectReference: {fileID: 0}
    - target: {fileID: 400004, guid: 691bf3e71b387435bb6304e28d671b2f, type: 2}
      propertyPath: m_LocalPosition.z
      value: 0
      objectReference: {fileID: 0}
    - target: {fileID: 400004, guid: 691bf3e71b387435bb6304e28d671b2f, type: 2}
      propertyPath: m_LocalRotation.x
      value: 0
      objectReference: {fileID: 0}
    - target: {fileID: 400004, guid: 691bf3e71b387435bb6304e28d671b2f, type: 2}
      propertyPath: m_LocalRotation.y
      value: 0
      objectReference: {fileID: 0}
    - target: {fileID: 400004, guid: 691bf3e71b387435bb6304e28d671b2f, type: 2}
      propertyPath: m_LocalRotation.z
      value: 0
      objectReference: {fileID: 0}
    - target: {fileID: 400004, guid: 691bf3e71b387435bb6304e28d671b2f, type: 2}
      propertyPath: m_LocalRotation.w
      value: 1
      objectReference: {fileID: 0}
    - target: {fileID: 400004, guid: 691bf3e71b387435bb6304e28d671b2f, type: 2}
      propertyPath: m_RootOrder
      value: 0
      objectReference: {fileID: 0}
    - target: {fileID: 400004, guid: 691bf3e71b387435bb6304e28d671b2f, type: 2}
      propertyPath: m_LocalScale.x
      value: 1
      objectReference: {fileID: 0}
    - target: {fileID: 400004, guid: 691bf3e71b387435bb6304e28d671b2f, type: 2}
      propertyPath: m_LocalScale.y
      value: 1
      objectReference: {fileID: 0}
    - target: {fileID: 400004, guid: 691bf3e71b387435bb6304e28d671b2f, type: 2}
      propertyPath: m_LocalScale.z
      value: 1
      objectReference: {fileID: 0}
    - target: {fileID: 11400004, guid: 691bf3e71b387435bb6304e28d671b2f, type: 2}
      propertyPath: trackPosition
      value: 0
      objectReference: {fileID: 0}
    - target: {fileID: 11400004, guid: 691bf3e71b387435bb6304e28d671b2f, type: 2}
      propertyPath: updateEarly
      value: 1
      objectReference: {fileID: 0}
    - target: {fileID: 2000000, guid: 691bf3e71b387435bb6304e28d671b2f, type: 2}
      propertyPath: m_ClearFlags
      value: 2
      objectReference: {fileID: 0}
    - target: {fileID: 2000002, guid: 691bf3e71b387435bb6304e28d671b2f, type: 2}
      propertyPath: m_ClearFlags
      value: 2
      objectReference: {fileID: 0}
    - target: {fileID: 2000004, guid: 691bf3e71b387435bb6304e28d671b2f, type: 2}
      propertyPath: m_ClearFlags
      value: 2
      objectReference: {fileID: 0}
    - target: {fileID: 2000000, guid: 691bf3e71b387435bb6304e28d671b2f, type: 2}
      propertyPath: m_BackGroundColor.r
      value: 0
      objectReference: {fileID: 0}
    - target: {fileID: 2000000, guid: 691bf3e71b387435bb6304e28d671b2f, type: 2}
      propertyPath: m_BackGroundColor.g
      value: 0
      objectReference: {fileID: 0}
    - target: {fileID: 2000000, guid: 691bf3e71b387435bb6304e28d671b2f, type: 2}
      propertyPath: m_BackGroundColor.b
      value: 0
      objectReference: {fileID: 0}
    - target: {fileID: 2000000, guid: 691bf3e71b387435bb6304e28d671b2f, type: 2}
      propertyPath: m_BackGroundColor.a
      value: 1
      objectReference: {fileID: 0}
    - target: {fileID: 2000002, guid: 691bf3e71b387435bb6304e28d671b2f, type: 2}
      propertyPath: m_BackGroundColor.r
      value: 0
      objectReference: {fileID: 0}
    - target: {fileID: 2000002, guid: 691bf3e71b387435bb6304e28d671b2f, type: 2}
      propertyPath: m_BackGroundColor.g
      value: 0
      objectReference: {fileID: 0}
    - target: {fileID: 2000002, guid: 691bf3e71b387435bb6304e28d671b2f, type: 2}
      propertyPath: m_BackGroundColor.b
      value: 0
      objectReference: {fileID: 0}
    - target: {fileID: 2000002, guid: 691bf3e71b387435bb6304e28d671b2f, type: 2}
      propertyPath: m_BackGroundColor.a
      value: 1
      objectReference: {fileID: 0}
    - target: {fileID: 2000004, guid: 691bf3e71b387435bb6304e28d671b2f, type: 2}
      propertyPath: m_BackGroundColor.r
      value: 0
      objectReference: {fileID: 0}
    - target: {fileID: 2000004, guid: 691bf3e71b387435bb6304e28d671b2f, type: 2}
      propertyPath: m_BackGroundColor.g
      value: 0
      objectReference: {fileID: 0}
    - target: {fileID: 2000004, guid: 691bf3e71b387435bb6304e28d671b2f, type: 2}
      propertyPath: m_BackGroundColor.b
      value: 0
      objectReference: {fileID: 0}
    - target: {fileID: 2000004, guid: 691bf3e71b387435bb6304e28d671b2f, type: 2}
      propertyPath: m_BackGroundColor.a
      value: 1
      objectReference: {fileID: 0}
    - target: {fileID: 2000000, guid: 691bf3e71b387435bb6304e28d671b2f, type: 2}
      propertyPath: near clip plane
      value: 0.05
      objectReference: {fileID: 0}
    - target: {fileID: 2000002, guid: 691bf3e71b387435bb6304e28d671b2f, type: 2}
      propertyPath: near clip plane
      value: 0.05
      objectReference: {fileID: 0}
    - target: {fileID: 2000004, guid: 691bf3e71b387435bb6304e28d671b2f, type: 2}
      propertyPath: near clip plane
      value: 0.05
      objectReference: {fileID: 0}
    - target: {fileID: 2000004, guid: 691bf3e71b387435bb6304e28d671b2f, type: 2}
      propertyPath: m_Depth
      value: 10
      objectReference: {fileID: 0}
    - target: {fileID: 11400006, guid: 691bf3e71b387435bb6304e28d671b2f, type: 2}
      propertyPath: keepStereoUpdated
      value: 1
      objectReference: {fileID: 0}
    - target: {fileID: 2000000, guid: 691bf3e71b387435bb6304e28d671b2f, type: 2}
      propertyPath: m_Depth
      value: 10
      objectReference: {fileID: 0}
    - target: {fileID: 2000002, guid: 691bf3e71b387435bb6304e28d671b2f, type: 2}
      propertyPath: m_Depth
      value: 10
      objectReference: {fileID: 0}
    - target: {fileID: 100006, guid: 691bf3e71b387435bb6304e28d671b2f, type: 2}
      propertyPath: m_TagString
      value: MainCamera
      objectReference: {fileID: 0}
    - target: {fileID: 11400004, guid: 691bf3e71b387435bb6304e28d671b2f, type: 2}
      propertyPath: trackRotation
      value: 1
      objectReference: {fileID: 0}
    m_RemovedComponents:
    - {fileID: 11427708, guid: 691bf3e71b387435bb6304e28d671b2f, type: 2}
  m_ParentPrefab: {fileID: 100100000, guid: 691bf3e71b387435bb6304e28d671b2f, type: 2}
  m_IsPrefabParent: 0
--- !u!4 &299562418 stripped
Transform:
  m_PrefabParentObject: {fileID: 400004, guid: 691bf3e71b387435bb6304e28d671b2f, type: 2}
  m_PrefabInternal: {fileID: 299562417}
--- !u!1 &336092153
GameObject:
  m_ObjectHideFlags: 0
  m_PrefabParentObject: {fileID: 0}
  m_PrefabInternal: {fileID: 0}
  serializedVersion: 4
  m_Component:
  - 4: {fileID: 336092157}
  - 114: {fileID: 336092156}
  - 114: {fileID: 336092158}
  - 114: {fileID: 336092155}
  - 114: {fileID: 336092154}
  m_Layer: 0
  m_Name: EventSystem
  m_TagString: Untagged
  m_Icon: {fileID: 0}
  m_NavMeshLayer: 0
  m_StaticEditorFlags: 0
  m_IsActive: 1
--- !u!114 &336092154
MonoBehaviour:
  m_ObjectHideFlags: 0
  m_PrefabParentObject: {fileID: 0}
  m_PrefabInternal: {fileID: 0}
  m_GameObject: {fileID: 336092153}
  m_Enabled: 1
  m_EditorHideFlags: 0
  m_Script: {fileID: 1997211142, guid: f5f67c52d1564df4a8936ccd202a3bd8, type: 3}
  m_Name: 
  m_EditorClassIdentifier: 
  m_ForceModuleActive: 0
--- !u!114 &336092155
MonoBehaviour:
  m_ObjectHideFlags: 0
  m_PrefabParentObject: {fileID: 0}
  m_PrefabInternal: {fileID: 0}
  m_GameObject: {fileID: 336092153}
  m_Enabled: 1
  m_EditorHideFlags: 0
  m_Script: {fileID: 1077351063, guid: f5f67c52d1564df4a8936ccd202a3bd8, type: 3}
  m_Name: 
  m_EditorClassIdentifier: 
  m_HorizontalAxis: Horizontal
  m_VerticalAxis: Vertical
  m_SubmitButton: Submit
  m_CancelButton: Cancel
  m_InputActionsPerSecond: 10
  m_RepeatDelay: 0.5
  m_ForceModuleActive: 0
--- !u!114 &336092156
MonoBehaviour:
  m_ObjectHideFlags: 0
  m_PrefabParentObject: {fileID: 0}
  m_PrefabInternal: {fileID: 0}
  m_GameObject: {fileID: 336092153}
  m_Enabled: 1
  m_EditorHideFlags: 0
  m_Script: {fileID: -619905303, guid: f5f67c52d1564df4a8936ccd202a3bd8, type: 3}
  m_Name: 
  m_EditorClassIdentifier: 
  m_FirstSelected: {fileID: 0}
  m_sendNavigationEvents: 1
  m_DragThreshold: 5
--- !u!4 &336092157
Transform:
  m_ObjectHideFlags: 0
  m_PrefabParentObject: {fileID: 0}
  m_PrefabInternal: {fileID: 0}
  m_GameObject: {fileID: 336092153}
  m_LocalRotation: {x: 0, y: 0, z: 0, w: 1}
  m_LocalPosition: {x: 0, y: 0, z: 0}
  m_LocalScale: {x: 1, y: 1, z: 1}
  m_Children: []
  m_Father: {fileID: 0}
  m_RootOrder: 0
--- !u!114 &336092158
MonoBehaviour:
  m_ObjectHideFlags: 0
  m_PrefabParentObject: {fileID: 0}
  m_PrefabInternal: {fileID: 0}
  m_GameObject: {fileID: 336092153}
  m_Enabled: 1
  m_EditorHideFlags: 0
  m_Script: {fileID: 11500000, guid: b1bb4e1b2a0a04d2ea3b96ff7e05685c, type: 3}
  m_Name: 
  m_EditorClassIdentifier: 
  vrModeOnly: 0
  clickTime: 0.1
  hotspot: {x: 0.5, y: 0.5}
--- !u!1 &462610857
GameObject:
  m_ObjectHideFlags: 0
  m_PrefabParentObject: {fileID: 0}
  m_PrefabInternal: {fileID: 0}
  serializedVersion: 4
  m_Component:
  - 4: {fileID: 462610858}
  m_Layer: 0
  m_Name: HeadMount
  m_TagString: Untagged
  m_Icon: {fileID: 0}
  m_NavMeshLayer: 0
  m_StaticEditorFlags: 0
  m_IsActive: 1
--- !u!4 &462610858
Transform:
  m_ObjectHideFlags: 0
  m_PrefabParentObject: {fileID: 0}
  m_PrefabInternal: {fileID: 0}
  m_GameObject: {fileID: 462610857}
  m_LocalRotation: {x: 0, y: 0, z: 0, w: 1}
  m_LocalPosition: {x: 0, y: 2, z: 0}
  m_LocalScale: {x: 1, y: 1, z: 1}
  m_Children:
  - {fileID: 299562418}
  m_Father: {fileID: 22604883}
  m_RootOrder: 0
--- !u!1 &492845297 stripped
GameObject:
  m_PrefabParentObject: {fileID: 100006, guid: 691bf3e71b387435bb6304e28d671b2f, type: 2}
  m_PrefabInternal: {fileID: 299562417}
--- !u!114 &492845298
MonoBehaviour:
  m_ObjectHideFlags: 0
  m_PrefabParentObject: {fileID: 0}
  m_PrefabInternal: {fileID: 0}
  m_GameObject: {fileID: 492845297}
  m_Enabled: 1
  m_EditorHideFlags: 0
  m_Script: {fileID: -768656878, guid: f5f67c52d1564df4a8936ccd202a3bd8, type: 3}
  m_Name: 
  m_EditorClassIdentifier: 
  m_EventMask:
    serializedVersion: 2
    m_Bits: 4294967295
--- !u!1 &552777597
GameObject:
  m_ObjectHideFlags: 0
  m_PrefabParentObject: {fileID: 150434, guid: b8b03d395f5734e98af91ccf44f9bf47, type: 2}
  m_PrefabInternal: {fileID: 0}
  serializedVersion: 4
  m_Component:
  - 4: {fileID: 552777598}
  - 20: {fileID: 552777600}
  - 114: {fileID: 552777599}
  m_Layer: 0
  m_Name: PreRender
  m_TagString: Untagged
  m_Icon: {fileID: 0}
  m_NavMeshLayer: 0
  m_StaticEditorFlags: 0
  m_IsActive: 1
--- !u!4 &552777598
Transform:
  m_ObjectHideFlags: 0
  m_PrefabParentObject: {fileID: 450434, guid: b8b03d395f5734e98af91ccf44f9bf47, type: 2}
  m_PrefabInternal: {fileID: 0}
  m_GameObject: {fileID: 552777597}
  m_LocalRotation: {x: 0, y: 0, z: 0, w: 1}
  m_LocalPosition: {x: 0, y: 0, z: 0}
  m_LocalScale: {x: 1, y: 1, z: 1}
  m_Children: []
  m_Father: {fileID: 572097223}
  m_RootOrder: 0
--- !u!114 &552777599
MonoBehaviour:
  m_ObjectHideFlags: 0
  m_PrefabParentObject: {fileID: 11450434, guid: b8b03d395f5734e98af91ccf44f9bf47,
    type: 2}
  m_PrefabInternal: {fileID: 0}
  m_GameObject: {fileID: 552777597}
  m_Enabled: 1
  m_EditorHideFlags: 0
  m_Script: {fileID: 11500000, guid: 20fb7fbcfb2e642bba6211eb9ea19962, type: 3}
  m_Name: 
  m_EditorClassIdentifier: 
--- !u!20 &552777600
Camera:
  m_ObjectHideFlags: 0
  m_PrefabParentObject: {fileID: 2050434, guid: b8b03d395f5734e98af91ccf44f9bf47,
    type: 2}
  m_PrefabInternal: {fileID: 0}
  m_GameObject: {fileID: 552777597}
  m_Enabled: 1
  serializedVersion: 2
  m_ClearFlags: 2
  m_BackGroundColor: {r: 0, g: 0, b: 0, a: 1}
  m_NormalizedViewPortRect:
    serializedVersion: 2
    x: 0
    y: 0
    width: 1
    height: 1
  near clip plane: 0.3
  far clip plane: 1000
  field of view: 60
  orthographic: 0
  orthographic size: 5
  m_Depth: -100
  m_CullingMask:
    serializedVersion: 2
    m_Bits: 0
  m_RenderingPath: -1
  m_TargetTexture: {fileID: 0}
  m_TargetDisplay: 0
  m_TargetEye: 3
  m_HDR: 0
  m_OcclusionCulling: 0
  m_StereoConvergence: 10
  m_StereoSeparation: 0.022
  m_StereoMirrorMode: 0
--- !u!1 &572097222
GameObject:
  m_ObjectHideFlags: 0
  m_PrefabParentObject: {fileID: 150430, guid: b8b03d395f5734e98af91ccf44f9bf47, type: 2}
  m_PrefabInternal: {fileID: 0}
  serializedVersion: 4
  m_Component:
  - 4: {fileID: 572097223}
  m_Layer: 0
  m_Name: Stereo Render
  m_TagString: Untagged
  m_Icon: {fileID: 0}
  m_NavMeshLayer: 0
  m_StaticEditorFlags: 0
  m_IsActive: 1
--- !u!4 &572097223
Transform:
  m_ObjectHideFlags: 0
  m_PrefabParentObject: {fileID: 450430, guid: b8b03d395f5734e98af91ccf44f9bf47, type: 2}
  m_PrefabInternal: {fileID: 0}
  m_GameObject: {fileID: 572097222}
  m_LocalRotation: {x: 0, y: 0, z: 0, w: 1}
  m_LocalPosition: {x: 0, y: 0, z: 0}
  m_LocalScale: {x: 1, y: 1, z: 1}
  m_Children:
  - {fileID: 552777598}
  - {fileID: 1103790813}
  m_Father: {fileID: 22604883}
  m_RootOrder: 1
--- !u!1 &1103790812
GameObject:
  m_ObjectHideFlags: 0
  m_PrefabParentObject: {fileID: 150432, guid: b8b03d395f5734e98af91ccf44f9bf47, type: 2}
  m_PrefabInternal: {fileID: 0}
  serializedVersion: 4
  m_Component:
  - 4: {fileID: 1103790813}
  - 20: {fileID: 1103790816}
  - 92: {fileID: 1103790815}
  - 114: {fileID: 1103790814}
  m_Layer: 0
  m_Name: PostRender
  m_TagString: Untagged
  m_Icon: {fileID: 0}
  m_NavMeshLayer: 0
  m_StaticEditorFlags: 0
  m_IsActive: 1
--- !u!4 &1103790813
Transform:
  m_ObjectHideFlags: 0
  m_PrefabParentObject: {fileID: 450432, guid: b8b03d395f5734e98af91ccf44f9bf47, type: 2}
  m_PrefabInternal: {fileID: 0}
  m_GameObject: {fileID: 1103790812}
  m_LocalRotation: {x: 0, y: 0, z: 0, w: 1}
  m_LocalPosition: {x: 0, y: 0, z: 0}
  m_LocalScale: {x: 1, y: 1, z: 1}
  m_Children: []
  m_Father: {fileID: 572097223}
  m_RootOrder: 1
--- !u!114 &1103790814
MonoBehaviour:
  m_ObjectHideFlags: 0
  m_PrefabParentObject: {fileID: 11450432, guid: b8b03d395f5734e98af91ccf44f9bf47,
    type: 2}
  m_PrefabInternal: {fileID: 0}
  m_GameObject: {fileID: 1103790812}
  m_Enabled: 1
  m_EditorHideFlags: 0
  m_Script: {fileID: 11500000, guid: 3995cc6db284649a793472ad14b220f6, type: 3}
  m_Name: 
  m_EditorClassIdentifier: 
--- !u!92 &1103790815
Behaviour:
  m_ObjectHideFlags: 0
  m_PrefabParentObject: {fileID: 9250434, guid: b8b03d395f5734e98af91ccf44f9bf47,
    type: 2}
  m_PrefabInternal: {fileID: 0}
  m_GameObject: {fileID: 1103790812}
  m_Enabled: 1
--- !u!20 &1103790816
Camera:
  m_ObjectHideFlags: 0
  m_PrefabParentObject: {fileID: 2050432, guid: b8b03d395f5734e98af91ccf44f9bf47,
    type: 2}
  m_PrefabInternal: {fileID: 0}
  m_GameObject: {fileID: 1103790812}
  m_Enabled: 1
  serializedVersion: 2
  m_ClearFlags: 3
  m_BackGroundColor: {r: 1, g: 0, b: 1, a: 1}
  m_NormalizedViewPortRect:
    serializedVersion: 2
    x: 0
    y: 0
    width: 1
    height: 1
  near clip plane: 0.3
  far clip plane: 1000
  field of view: 60
  orthographic: 1
  orthographic size: 0.5
  m_Depth: 50
  m_CullingMask:
    serializedVersion: 2
    m_Bits: 0
  m_RenderingPath: -1
  m_TargetTexture: {fileID: 0}
  m_TargetDisplay: 0
  m_TargetEye: 3
  m_HDR: 0
  m_OcclusionCulling: 0
  m_StereoConvergence: 10
  m_StereoSeparation: 0.022
  m_StereoMirrorMode: 0
--- !u!1 &1106870344
GameObject:
  m_ObjectHideFlags: 0
  m_PrefabParentObject: {fileID: 0}
  m_PrefabInternal: {fileID: 0}
  serializedVersion: 4
  m_Component:
  - 4: {fileID: 1106870346}
  - 114: {fileID: 1106870345}
  m_Layer: 0
  m_Name: StupidFlow
  m_TagString: Untagged
  m_Icon: {fileID: 0}
  m_NavMeshLayer: 0
  m_StaticEditorFlags: 0
  m_IsActive: 1
--- !u!114 &1106870345
MonoBehaviour:
  m_ObjectHideFlags: 0
  m_PrefabParentObject: {fileID: 0}
  m_PrefabInternal: {fileID: 0}
  m_GameObject: {fileID: 1106870344}
  m_Enabled: 1
  m_EditorHideFlags: 0
  m_Script: {fileID: 11500000, guid: 741dce9a791b944fc967bdbf6a5127aa, type: 3}
  m_Name: 
  m_EditorClassIdentifier: 
--- !u!4 &1106870346
Transform:
  m_ObjectHideFlags: 0
  m_PrefabParentObject: {fileID: 0}
  m_PrefabInternal: {fileID: 0}
  m_GameObject: {fileID: 1106870344}
  m_LocalRotation: {x: 0, y: 0, z: 0, w: 1}
  m_LocalPosition: {x: 1.4098212, y: 1.5392667, z: 0.46271735}
  m_LocalScale: {x: 1, y: 1, z: 1}
  m_Children: []
  m_Father: {fileID: 0}
  m_RootOrder: 2
